
@misc{1,
author = {B. Kaliski (RSA Laboratories East)},
title = {PKCS \#1: RSA Encryption Version 1.5},
note = {https://tools.ietf.org/html/rfc2313},
month = {Mars},
year = {1998},
}

@misc{2,
author = {Wikipedia},
title = {Public Key Cryptographic Standards},
note = {https://fr.wikipedia.org/wiki/Public_Key_Cryptographic_Standards},
month = {Septembre},
year = {2017},
}

@misc{3,
author = {Wikipedia},
title = {PKCS 1},
note = {https://en.wikipedia.org/wiki/PKCS_1},
month = {Mars},
year = {2017},
}

@misc{4,
author = {RSA Laboratories},
title = {PKCS\#1 v2.2 : RSA Cryptography Standard},
note = {https://www.emc.com/collateral/white-papers/h11300-pkcs-1v2-2-rsa-cryptography-standard-wp.pdf},
month = {Octobre},
year = {2012},
}

@misc{5,
author = {E. Rescorla, RTFM, Inc},
title = {EmpÃªcher l'attaque du million de messages sur la syntaxe de message cryptographique},
note = {http://abcdrfc.free.fr/rfc-vf/rfc3218.html#_Toc227517292},
month = {Janvier},
year = {2002},
}
